@book{roberts2017serverless,
  title={What is Serverless?},
  author={Roberts, Michael and Chapin, John},
  year={2017},
  publisher={O'Reilly Media, Incorporated}
}

@inproceedings{pu2019shuffling,
  title={Shuffling, fast and slow: Scalable analytics on serverless infrastructure},
  author={Pu, Qifan and Venkataraman, Shivaram and Stoica, Ion},
  booktitle={16th USENIX symposium on networked systems design and implementation (NSDI 19)},
  pages={193--206},
  year={2019}
}

@article{lowber2001thin,
  title={Thin-client vs. fat-client TCO},
  author={Lowber, P},
  journal={research note, Gartner},
  year={2001}
}

@article{kokkonen2015single,
  title={Single-page Application Frameworks in Enterprise Software Development},
  author={Kokkonen, Juha},
  year={2015},
  publisher={Jyv{\"a}skyl{\"a}n ammattikorkeakoulu}
}

@mastersthesis{elsten2023exploring,
  title={Exploring the potential use of FaaS within an iPaaS infrastructure.},
  author={Elsten, Julian M},
  year={2023},
  school={University of Twente}
}

@article{liu2023faaslight,
  title={Faaslight: General application-level cold-start latency optimization for function-as-a-service in serverless computing},
  author={Liu, Xuanzhe and Wen, Jinfeng and Chen, Zhenpeng and Li, Ding and Chen, Junkai and Liu, Yi and Wang, Haoyu and Jin, Xin},
  journal={ACM Transactions on Software Engineering and Methodology},
  volume={32},
  number={5},
  pages={1--29},
  year={2023},
  publisher={ACM New York, NY}
}

@inproceedings{silva2020prebaking,
  title={Prebaking functions to warm the serverless cold start},
  author={Silva, Paulo and Fireman, Daniel and Pereira, Thiago Emmanuel},
  booktitle={Proceedings of the 21st International Middleware Conference},
  pages={1--13},
  year={2020}
}

@article{initiativeopen,
  title={Open Container Initiative Image Format Specification},
  author={Initiative, Open Container}
}

@article{bretthauer2001open,
  title={Open source software: A history},
  author={Bretthauer, David},
  year={2001}
}